%@MISC{WEBSITE:1,
%	HOWPUBLISHED = "\url{https://www.fpcomplete.com/blog/quickcheck-hedgehog-validity}",
%	AUTHOR = "FP Complete",
%	TITLE = "QuickCheck, Hedgehog, Validity",
%	MONTH = "Feb",
%	YEAR = "2019",
%	NOTE = "Accessed on 2019-08-06"
%}
%
%@MISC{WEBSITE:1,
%    HOWPUBLISHED = "url/{https://teh.id.au/posts/2017/04/23/property-testing-with-hedgehog/}",
%    AUTHOR = "Tim Humphries",
%    TITLE = "Property testing with Hedgehog",
%    MONTH = "Apr",
%    YEAR = "2017",
%    NOTE = "Accessed on 2019-08-06"
%}
%
@online{FPComplete,
   title = {QuickCheck, Hedgehog, Validity},
   author = {FP Complete},
   url = {https://www.fpcomplete.com/blog/quickcheck-hedgehog-validity},
}

@online{Humphries,
  title = {Property testing with Hedgehog},
  author = {Tim Humphries},
  url = {https://teh.id.au/posts/2017/04/23/property-testing-with-hedgehog/},
}
%@book{Ahlfors,
%   title =     {Complex Analysis},
%   author =    {Ahlfors, L.},
%   publisher = {McGraw-Hill Science/Engineering/Math},
%   year =      {1979},
%   edition =   {3},
%}
%
%@book{Shankar,
%   title =     {Principles of Quantum Mechanics},
%   author =    {Shankar, R.},
%   publisher = {Springer},
%   year =      {1994},
%   edition =   {2},
%}
%
%@online{Fleming,
%    title = {George Green e Suas Funções},
%    author = {Fleming, H.},
%    url = {http://www.hfleming.com/green.pdf},
%}
%
%@book{PhilPanof,
%   title =     {Classical Electricity and Magnetism},
%   author =    {Panofsky, W. K. H. and Phillips, M.},
%   publisher = {Addison-Wesley Publishing Company, Inc.},
%   year =      {1962},
%   edition =   {2},
%}
%
%@book{Fourier,
%   title =     {The Analytical Theory of Heat},
%   author =    {Fourier, J. B. J and Freeman, A.},
%   publisher = {Cambridge University Press},
%   year =      {2009},
%   series =    {Cambridge Library Collection - Mathematics},
%   edition =   {1},
%}
%
%@book{Djairo,
%   title =     {Análise de Fourier e Equações Diferenciais Parciais},
%   author =    {{de Figueiredo}, D. G.},
%   publisher = {IMPA},
%   year =      {2018},
%   series =    {Projeto Euclides},
%   edition =   {5},
%}
%